<record><leader>00000cas a22000007a 4500</leader><controlfield tag="001">27776460</controlfield><controlfield tag="008">930322d1872187upaucr ne      0   a0eng d</controlfield><controlfield tag="009">9107</controlfield><datafield ind1=" " ind2=" " tag="010"><subfield code="a">sn 93059244 </subfield></datafield><datafield ind1=" " ind2=" " tag="040"><subfield code="a">MGN</subfield><subfield code="b">eng</subfield><subfield code="c">MGN</subfield><subfield code="d">DLC</subfield></datafield><datafield ind1=" " ind2=" " tag="042"><subfield code="a">msc</subfield></datafield><datafield ind1="0" ind2=" " tag="130"><subfield code="a">Great republic (Philadelphia, Pa.)</subfield></datafield><datafield ind1="1" ind2="4" tag="245"><subfield code="a">The great republic.</subfield></datafield><datafield ind1=" " ind2=" " tag="260"><subfield code="a">Philadelphia [Pa. :</subfield><subfield code="b">s.n.],</subfield></datafield><datafield ind1=" " ind2=" " tag="300"><subfield code="a">v.</subfield></datafield><datafield ind1=" " ind2=" " tag="310"><subfield code="a">Semiweekly</subfield></datafield><datafield ind1="0" ind2=" " tag="362"><subfield code="a">Vol. 1, no. 1 (Apr. 13, 1872)-</subfield></datafield><datafield ind1=" " ind2=" " tag="500"><subfield code="a">Issue for Apr. 13, 1872 called specimen number; regular publication to begin on Apr. 27, 1872.</subfield></datafield><datafield ind1=" " ind2=" " tag="752"><subfield code="a">United States</subfield><subfield code="b">Pennsylvania</subfield><subfield code="c">Philadelphia</subfield><subfield code="d">Philadelphia.</subfield></datafield></record>